@article{Nesti:2013,
    archivePrefix = {arXiv},
    author = {Nesti, Fabrizio and Salucci, Paolo},
    day = {20},
    journal = {J. Cosmol. Astropart. Phys.},
    volume = {07},
    pages = {016},
    doi = {10.1088/1475-7516/2013/07/016},
    eprint = {1304.5127},
    month = jun,
    title = {The Dark Matter Halo of the Milky Way, {AD} 2013},
    year = {2013}
}

@article{Iocco:2011,
    archivePrefix = {arXiv},
    author = {Iocco, Fabio and Pato, Miguel and Bertone, Gianfranco and Jetzer, Philippe},
    day = {17},
    doi = {10.1088/1475-7516/2011/11/029},
    eprint = {1107.5810},
    issn = {1475-7516},
    journal = {J. Cosmol. Astropart. Phys.},
    month = nov,
    number = {11},
    pages = {029},
    title = {Dark Matter distribution in the Milky Way: microlensing and dynamical constraints},
    volume = {11},
    year = {2011}
}

@article{Bovy:2012,
    archivePrefix = {arXiv},
    author = {Bovy, Jo and Tremaine, Scott},
    day = {29},
    doi = {10.1088/0004-637x/756/1/89},
    eprint = {1205.4033},
    issn = {0004-637X},
    journal = {Astrophys. J.},
    month = jun,
    number = {1},
    pages = {89},
    title = {On the local dark matter density},
    volume = {756},
    year = {2012}
}

@article{Zhang:2013,
    archivePrefix = {arXiv},
    author = {Zhang, Lan and Rix, Hans-Walter and van de Ven, Glenn and Bovy, Jo and Liu, Chao and Zhao, Gang},
    day = {31},
    doi = {10.1088/0004-637X/772/2/108},
    eprint = {1209.0256},
    journal = {Astrophys. J.},
    volume = {772},
    number = {2},
    pages = {108},
    month = may,
    title = {The Gravitational Potential Near the Sun From {SEGUE} K-dwarf Kinematics},
    year = {2013}
}

@article{Catena:2010,
    archivePrefix = {arXiv},
    author = {Catena, Riccardo and Ullio, Piero},
    day = {3},
    doi = {10.1088/1475-7516/2010/08/004},
    eprint = {0907.0018},
    issn = {1475-7516},
    journal = {J. Cosmol. Astropart. Phys.},
    month = aug,
    number = {08},
    pages = {004},
    title = {{A novel determination of the local dark matter density}},
    volume = {2010},
    year = {2010}
}

@article{Weber:2010,
    archivePrefix = {arXiv},
    author = {Weber, M. and de Boer, W.},
    day = {12},
    doi = {10.1051/0004-6361/200913381},
    eprint = {0910.4272},
    issn = {1432-0746},
    journal = {Astron. Astrophys.},
    month = jan,
    pages = {A25+},
    title = {{Determination of the local dark matter density in our Galaxy}},
    volume = {509},
    year = {2010}
}

@article{Salucci:2010,
    archivePrefix = {arXiv},
    author = {Salucci, P. and Nesti, F. and Gentile, G. and Frigerio Martins, C.},
    day = {18},
    doi = {10.1051/0004-6361/201014385},
    eprint = {1003.3101},
    issn = {1432-0746},
    journal = {Astron. Astrophys.},
    month = nov,
    pages = {A83+},
    title = {{The dark matter density at the Sun's location}},
    volume = {523},
    year = {2010}
}

@article{Garbari:2012,
    archivePrefix = {arXiv},
    author = {Garbari, Silvia and Liu, Chao and Read, Justin I. and Lake, George},
    day = {11},
    eprint = {1206.0015},
    issn = {0035-8711},
    journal = {Mon. Not. R. Astron. Soc.},
    month = sep,
    number = {2},
    pages = {1445--1458},
    title = {{A new determination of the local dark matter density from the kinematics of K dwarfs: The local dark matter density from K dwarfs}},
    volume = {425},
    year = {2012}
}

@article{Moni-Bidin:2012,
    archivePrefix = {arXiv},
    author = {Moni Bidin, C. and Carraro, G. and M\'{e}ndez, R. A. and Smith, R.},
    day = {20},
    doi = {10.1088/0004-637X/751/1/30},
    eprint = {1204.3924},
    issn = {1538-4357},
    journal = {Astrophys. J.},
    month = may,
    number = {1},
    pages = {30+},
    title = {KINEMATICAL AND CHEMICAL VERTICAL STRUCTURE OF THE GALACTIC THICK DISK. II. A LACK OF DARK MATTER IN THE SOLAR NEIGHBORHOOD},
    volume = {751},
    year = {2012}
}

