@article{Aalseth:2011b,
    archivePrefix = {arXiv},
    author = {Aalseth, C. E. and Barbeau, P. S. and Colaresi, J. and Collar, J. I. and Leon, J. Diaz and Fast, J. E. and Fields, N. and Hossbach, T. W. and Keillor, M. E. and Kephart, J. D. and Knecht, A. and Marino, M. G. and Miley, H. S. and Miller, M. L. and Orrell, J. L. and Radford, D. C. and Wilkerson, J. F. and Yocum, K. M.},
    day = {4},
    doi = {10.1103/physrevlett.107.141301},
    eprint = {1106.0650},
    issn = {0031-9007},
    journal = {Phys. Rev. Lett.},
    month = oct,
    collaboartion = {{CoGeNT Collaboration}},
    number = {14},
    pages = {141301+},
    publisher = {American Physical Society},
    title = {Search for an Annual Modulation in a P-type Point Contact Germanium Dark Matter Detector},
    volume = {107},
    year = {2011}
}

@article{Aalseth:2011a,
    author = {Aalseth, C. and Barbeau, P. and Bowden, N. and Cabrera-Palmer, B. and Colaresi, J. and Collar, J. and Dazeley, S. and de Lurgio, P. and Fast, J. and Fields, N. and Greenberg, C. and Hossbach, T. and Keillor, M. and Kephart, J. and Marino, M. and Miley, H. and Miller, M. and Orrell, J. and Radford, D. and Reyna, D. and Tench, O. and Van Wechel, T. and Wilkerson, J. and Yocum, K.},
    doi = {10.1103/physrevlett.106.131301},
    issn = {1079-7114},
    journal = {Phys. Rev. Lett.},
    keywords = {darkmatter, detection, direct},
    month = mar,
    number = {13},
    collaboration = {{CoGeNT Collaboration}},
    pages = {131301+},
    publisher = {American Physical Society},
    title = {Results from a Search for {Light-Mass} Dark Matter with a {p-Type} Point Contact Germanium Detector},
    volume = {106},
    year = {2011}
}

@article{Aalseth:2013,
    archivePrefix = {arXiv},
    author = {Aalseth, C. E. and Barbeau, P. S. and Colaresi, J. and Collar, J. I. and Leon, J. Diaz and Fast, J. E. and Fields, N. E. and Hossbach, T. W. and Knecht, A. and Kos, M. S. and Marino, M. G. and Miley, H. S. and Miller, M. L. and Orrell, J. L. and Yocum, K. M.},
    day = {29},
    doi = {10.1103/physrevd.88.012002},
    eprint = {1208.5737},
    issn = {1550-7998},
    journal = {Phys. Rev. D},
    month = apr,
    number = {1},
    title = {{CoGeNT}: A Search for {Low-Mass} Dark Matter using p-type Point Contact Germanium Detectors},
    volume = {88},
    year = {2013}
}

@misc{Aalseth:2014a,
    archivePrefix = {arXiv},
    author = {Aalseth, C. E. and Barbeau, P. S. and Colaresi, J. and Collar, J. I. and Leon, J. Diaz and Fast, J. E. and Fields, N. E. and Hossbach, T. W. and Knecht, A. and Kos, M. S. and Marino, M. G. and Miley, H. S. and Miller, M. L. and Orrell, J. L. and Yocum, K. M.},
    day = {14},
    eprint = {1401.3295},
    month = jan,
    title = {Search for An Annual Modulation in Three Years of {CoGeNT} Dark Matter Detector Data},
    year = {2014}
}

@misc{Aalseth:2014b,
    archivePrefix = {arXiv},
    author = {Aalseth, C. E. and Barbeau, P. S. and Colaresi, J. and Leon, J. Diaz and Fast, J. E. and Hossbach, T. W. and Knecht, A. and Kos, M. S. and Marino, M. G. and Miley, H. S. and Miller, M. L. and Orrell, J. L. and Yocum, K. M.},
    day = {27},
    eprint = {1401.6234},
    month = jan,
    title = {Maximum Likelihood Signal Extraction Method Applied to 3.4 years of {CoGeNT} Data},
    year = {2014}
}

@article{Stodolsky:2012,
    archivePrefix = {arXiv},
    author = {Stodolsky, Leo and Angloher, G. and Bauer, M. and Bavykina, I. and Bento, A. and Bucci, C. and Ciemniak, C. and Deuter, G. and Feilitzsch, F. v. and Hauff, D. and Huff, P. and Isaila, C. and Jochum, J. and Kiefer, M. and Kimmerle, M. and Lanfranchi, J. C. and Pfister, S. and Petricca, F. and Potzel, W. and Pr\"{o}bst, F. and Reindl, F. and Roth, S. and Rottler, K. and Sailer, C. and Sch\"{a}ffner, K. and Schmaler, J. and Scholl, S. and Seidel, W. and Sivers, M. v. and Strandhagen, C. and Strauss, R. and Tanzke, A. and Usherov, I. and Wawoczny, S. and Willers, M. and Z\"{o}ller, A.},
    day = {13},
    doi = {10.1088/1742-6596/384/1/012013},
    eprint = {1203.6835},
    issn = {1742-6596},
    journal = {J. Phys.: Conf. Ser.},
    month = sep,
    pages = {012013+},
    title = {The {CRESST} {II} Dark Matter Search},
    volume = {384},
    year = {2012}
}

@article{Bernabei:2013,
    archivePrefix = {arXiv},
    author = {Bernabei, R. and Belli, P. and Cappella, F. and Caracciolo, V. and Castellano, S. and Cerulli, R. and Dai, C. J. and d'Angelo, A. and d'Angelo, S. and Marco, A. and He, H. L. and Incicchitti, A. and Kuang, H. H. and Ma, X. H. and Montecchia, F. and Prosperi, D. and Sheng, X. D. and Wang, R. G. and Ye, Z. P.},
    day = {26},
    doi = {10.1140/epjc/s10052-013-2648-7},
    eprint = {1308.5109},
    issn = {1434-6052},
    journal = {Eur. Phys. J. C},
    month = nov,
    number = {12},
    title = {Final model independent result of {DAMA}/{LIBRA}â€“phase1},
    volume = {73},
    year = {2013}
}

@article{Bernabei:2010,
    archivePrefix = {arXiv},
    author = {Bernabei, R. and Belli, P. and Cappella, F. and Cerulli, R. and Dai, C. J. and d'Angelo, A. and He, H. L. and Incicchitti, A. and Kuang, H. H. and Ma, X. H. and Montecchia, F. and Nozzoli, F. and Prosperi, D. and Sheng, X. D. and Wang, R. G. and Ye, Z. P.},
    day = {23},
    doi = {10.1140/epjc/s10052-010-1303-9},
    eprint = {1002.1028},
    issn = {1434-6052},
    journal = {Eur. Phys. J. C},
    month = mar,
    number = {1-2},
    pages = {39--49},
    title = {New results from {DAMA}/{LIBRA}},
    volume = {67},
    year = {2010}
}

@article{Bernabei:2008a,
    archivePrefix = {arXiv},
    author = {Bernabei, R. and Belli, P. and Cappella, F. and Cerulli, R. and Dai, C. J. and d'Angelo, A. and He, H. L. and Incicchitti, A. and Kuang, H. H. and Ma, J. M. and Montecchia, F. and Nozzoli, F. and Prosperi, D. and Sheng, X. D. and Ye, Z. P.},
    day = {17},
    doi = {10.1140/epjc/s10052-008-0662-y},
    eprint = {0804.2741},
    issn = {1434-6044},
    journal = {Eur. Phys. J. C},
    month = apr,
    number = {3},
    pages = {333--355},
    publisher = {Springer Berlin / Heidelberg},
    title = {First results from {DAMA}/{LIBRA} and the combined results with {DAMA}/{NaI}},
    volume = {56},
    year = {2008}
}

@article{Bernabei:2008b,
    archivePrefix = {arXiv},
    author = {Bernabei, R. and Belli, P. and Bussolotti, A. and Cappella, F. and Cerulli, R. and Dai, C. J. and d'Angelo, A. and He, H. L. and Incicchitti, A. and Kuang, H. H. and Ma, J. M. and Mattei, A. and Montecchia, F. and Nozzoli, F. and Prosperi, D. and Sheng, X. D. and Ye, Z. P.},
    day = {17},
    doi = {10.1016/j.nima.2008.04.082},
    eprint = {0804.2738},
    issn = {01689002},
    journal = {Nucl. Instrum. Methods A},
    month = apr,
    number = {3},
    pages = {297--315},
    posted-at = {2014-04-30 10:36:12},
    priority = {2},
    title = {The {DAMA}/{LIBRA} apparatus},
    volume = {592},
    year = {2008}
}

@article{Bernabei:2003,
    archivePrefix = {arXiv},
    author = {Bernabei, R. and Belli, P. and Cappella, F. and Cerulli, R. and Montecchia, F. and Nozzoli, F. and Incicchitti, A. and Prosperi, D. and Dai, C. J. and Kuang, H. H. and Ma, J. M. and Ye, Z. P.},
    day = {23},
    eprint = {astro-ph/0307403},
    journal = {Riv. Nuovo Cimento},
    month = jul,
    number = {1},
    pages = {1--73},
    title = {Dark Matter search},
    volume = {26},
    year = {2003}
}

@article{Ahmed:2011,
    archivePrefix = {arXiv},
    author = {Ahmed, Z. and Akerib, D. and Arrenberg, S. and Bailey, C. and Balakishiyeva, D. and Baudis, L. and Bauer, D. and Brink, P. and Bruch, T. and Bunker, R. and Cabrera, B. and Caldwell, D. and Cooley, J. and do Couto e Silva, E. and Cushman, P. and Daal, M. and DeJongh, F. and Di Stefano, P. and Dragowsky, M. and Duong, L. and Fallows, S. and Figueroa-Feliciano, E. and Filippini, J. and Fox, J. and Fritts, M. and Golwala, S. and Hall, J. and Hennings-Yeomans, R. and Hertel, S. and Holmgren, D. and Hsu, L. and Huber, M. and Kamaev, O. and Kiveni, M. and Kos, M. and Leman, S. and Liu, S. and Mahapatra, R. and Mandic, V. and McCarthy, K. and Mirabolfathi, N. and Moore, D. and Nelson, H. and Ogburn, R. and Phipps, A. and Pyle, M. and Qiu, X. and Ramberg, E. and Rau, W. and Reisetter, A. and Resch, R. and Saab, T. and Sadoulet, B. and Sander, J. and Schnee, R. and Seitz, D. and Serfass, B. and Sundqvist, K. and Tarka, M. and Wikus, P. and Yellin, S. and Yoo, J. and Young, B. and Zhang, J.},
    day = {21},
    doi = {10.1103/PhysRevLett.106.131302},
    eprint = {1011.2482},
    issn = {1079-7114},
    journal = {Phys. Rev. Lett.},
    keywords = {darkmatter, detection, direct},
    month = mar,
    number = {13},
    collaboration = {CDMS Collaboration},
    posted-at = {2011-10-25 09:36:05},
    priority = {2},
    title = {Results from a {Low-Energy} Analysis of the {CDMS} {II} Germanium Data},
    volume = {106},
    year = {2011}
}

@article{Agnese:2013,
    archivePrefix = {arXiv},
    eprint = {1304.4279},
    author = {Agnese, R. and Ahmed, Z. and Anderson, A. and Arrenberg, S. and Balakishiyeva, D. and Basu Thakur, R. and Bauer, D. and Billard, J. and Borgland, A. and Brandt, D. and Brink, P. and Bruch, T. and Bunker, R. and Cabrera, B. and Caldwell, D. and Cerdeno, D. and Chagani, H. and Cooley, J. and Cornell, B. and Crewdson, C. and Cushman, P. and Daal, M. and Dejongh, F. and do Couto and Doughty, T. and Esteban, L. and Fallows, S. and Figueroa-Feliciano, E. and Filippini, J. and Fox, J. and Fritts, M. and Godfrey, G. and Golwala, S. and Hall, J. and Harris, R. and Hertel, S. and Hofer, T. and Holmgren, D. and Hsu, L. and Huber, M. and Jastram, A. and Kamaev, O. and Kara, B. and Kelsey, M. and Kennedy, A. and Kim, P. and Kiveni, M. and Koch, K. and Kos, M. and Leman, S. and Loer, B. and Lopez Asamar, E. and Mahapatra, R. and Mandic, V. and Martinez, C. and McCarthy, K. and Mirabolfathi, N. and Moffatt, R. and Moore, D. and Nadeau, P. and Nelson, R. and Page, K. and Partridge, R. and Pepin, M. and Phipps, A. and Prasad, K. and Pyle, M. and Qiu, H. and Rau, W. and Redl, P. and Reisetter, A. and Ricci, Y. and Saab, T. and Sadoulet, B. and Sander, J. and Schneck, K. and Schnee, R. and Scorza, S. and Serfass, B. and Shank, B. and Speller, D. and Sundqvist, K. and Villano, A. and Welliver, B. and Wright, D. and Yellin, S. and Yen, J. and Yoo, J. and Young, B. and Zhang, J.},
    day = {16},
    doi = {10.1103/physrevlett.111.251301},
    issn = {0031-9007},
    journal = {Phys. Rev. Lett.},
    month = dec,
    number = {25},
    title = {Silicon Detector Dark Matter Results from the Final Exposure of {CDMS} {II}},
    volume = {111},
    year = {2013}
}

@article{Ahmed:2009,
    archivePrefix = {arXiv},
    author = {Ahmed, Z. and others},
    day = {18},
    eprint = {0912.3592},
    month = dec,
    title = {{Results from the Final Exposure of the CDMS II Experiment}},
    year = {2009},
    collaboration = {{CDMS Collaboration}}
}

@article{Aprile:2011,
    archivePrefix = {arXiv},
    author = {Aprile, E. and Arisaka, K. and Arneodo, F. and Askin, A. and Baudis, L. and Behrens, A. and Bokeloh, K. and Brown, E. and Bruch, T. and Bruno, G. and Cardoso, J. M. R. and Chen, W. T. and Choi, B. and Cline, D. and Duchovni, E. and Fattori, S. and Ferella, A. D. and Gao, F. and Giboni, K. L. and Gross, E. and Kish, A. and Lam, C. W. and Lamblin, J. and Lang, R. F. and Levy, C. and Lim, K. E. and Lin, Q. and Lindemann, S. and Lindner, M. and Lopes, J. A. M. and Lung, K. and Undagoitia, T. Marrodan and Mei, Y. and Fernandez, A. J. Melgarejo and Ni, K. and Oberlack, U. and Orrigo, S. E. A. and Pantic, E. and Persiani, R. and Plante, G. and Ribeiro, A. C. C. and Santorelli, R. and Santos, J. M. F. Dos and Sartorelli, G. and Schumann, M. and Selvi, M. and Shagin, P. and Simgen, H. and Teymourian, A. and Thers, D. and Vitells, O. and Wang, H. and Weber, M. and Weinheimer, C.},
    day = {7},
    doi = {10.1103/physrevlett.107.131302},
    eprint = {1104.2549},
    issn = {0031-9007},
    collaboration = {{XENON} Collaboration},
    journal = {Phys. Rev. Lett.},
    month = sep,
    number = {13},
    pages = {131302+},
    publisher = {American Physical Society},
    title = {Dark Matter Results from 100 Live Days of {XENON100} Data},
    volume = {107},
    year = {2011}
}

@article{Angloher:2012,
    archivePrefix = {arXiv},
    author = {Angloher, G. and Bauer, M. and Bavykina, I. and Bento, A. and Bucci, C. and Ciemniak, C. and Deuter, G. and Feilitzsch, F. and Hauff, D. and Huff, P. and Isaila, C. and Jochum, J. and Kiefer, M. and Kimmerle, M. and Lanfranchi, J. and Petricca, F. and Pfister, S. and Potzel, W. and Pr\"{o}bst, F. and Reindl, F. and Roth, S. and Rottler, K. and Sailer, C. and Sch\"{a}ffner, K. and Schmaler, J. and Scholl, S. and Seidel, W. and Sivers, M. v. and Stodolsky, L. and Strandhagen, C. and Strau{\ss}, R. and Tanzke, A. and Usherov, I. and Wawoczny, S. and Willers, M. and Z\"{o}ller, A.},
    day = {12},
    doi = {10.1140/epjc/s10052-012-1971-8},
    eprint = {1109.0702},
    issn = {1434-6052},
    journal = {Eur. Phys. J. C},
    month = apr,
    number = {4},
    title = {Results from 730 kgâ€‰days of the {CRESST}-{II} Dark Matter search},
    volume = {72},
    year = {2012}
}

@article{Armengaud:2011,
    archivePrefix = {arXiv},
    author = {Armengaud, E. and Augier, C. and Beno\^{i}t, A. and Berg\'{e}, L. and Bl\"{u}mer, J. and Broniatowski, A. and Brudanin, V. and Censier, B. and Chardin, G. and Chapellier, M. and Charlieux, F. and Coulter, P. and Cox, G. and Defay, X. and De Jesus, M. and Dolgorouki, Y. and Domange, J. and Dumoulin, L. and Eitel, K. and Filosofov, D. and Fourches, N. and Gascon, J. and Gerbier, G. and Gironnet, J. and Gros, M. and Henry, S. and Herv\'{e}, S. and Juillard, A. and Kluck, H. and Kozlov, V. and Kraus, H. and Kudryavtsev, V. and Loaiza, P. and Marnieros, S. and Navick, X. and Nones, C. and Olivieri, E. and Pari, P. and Pattavina, L. and Paul, B. and Robinson, M. and Rozov, S. and Sanglard, V. and Schmidt, B. and Scorza, S. and Semikh, S. and Torrento-Coello, A. and Vagneron, L. and Verdier, M. and Walker, R. and Yakushev, E.},
    day = {31},
    doi = {10.1016/j.physletb.2011.07.034},
    eprint = {1103.4070},
    issn = {0370-2693},
    journal = {Phys. Lett. B},
    month = aug,
    number = {5},
    pages = {329--335},
    title = {Final results of the {EDELWEISS}-{II} {WIMP} search using a 4-kg array of cryogenic germanium detectors with interleaved electrodes},
    volume = {702},
    year = {2011}
}

@article{Akimov:2012,
    archivePrefix = {arXiv},
    author = {Akimov, D. and Ara\'{u}jo, H. and Barnes, E. and Belov, V. and Bewick, A. and Burenkov, A. and Chepel, V. and Currie, A. and DeViveiros, L. and Edwards, B. and Ghag, C. and Hollingsworth, A. and Horn, M. and Jones, W. and Kalmus, G. and Kobyakin, A. and Kovalenko, A. and Lebedenko, V. and Lindote, A. and Lopes, M. and L\"{u}scher, R. and Majewski, P. and Murphy, A. and Neves, F. and Paling, S. and Pinto da Cunha, J. and Preece, R. and Quenby, J. and Reichhart, L. and Scovell, P. and Silva, C. and Solovov, V. and Smith, N. and Stekhanov, V. and Sumner, T. and Thorne, C. and Walker, R.},
    day = {16},
    doi = {10.1016/j.physletb.2012.01.064},
    eprint = {1110.4769},
    issn = {0370-2693},
    journal = {Phys. Lett. B},
    month = mar,
    number = {1-2},
    pages = {14--20},
    title = {{WIMP}-nucleon cross-section results from the second science run of {ZEPLIN}-{III}},
    volume = {709},
    year = {2012}
}

@article{Lee:2007,
    archivePrefix = {arXiv},
    author = {Lee, H. S. and Bhang, H. C. and Choi, J. H. and Dao, H. and Hahn, I. S. and Hwang, M. J. and Jung, S. W. and Kang, W. G. and Kim, D. W. and Kim, H. J. and Kim, S. C. and Kim, S. K. and Kim, Y. D. and Kwak, J. W. and Kwon, Y. J. and Lee, J. and Lee, J. H. and Lee, J. I. and Lee, M. J. and Lee, S. J. and Li, J. and Li, X. and Li, Y. J. and Myung, S. S. and Ryu, S. and So, J. H. and Yue, Q. and Zhu, J. J.},
    day = {14},
    doi = {10.1103/physrevlett.99.091301},
    eprint = {0704.0423},
    issn = {0031-9007},
    journal = {Phys. Rev. Lett.},
    month = aug,
    number = {9},
    title = {Limits on {WIMP}-nucleon interactions with {CsI}(Tl) crystal detectors},
    volume = {99},
    year = {2007}
}

@article{Archambault:2012,
    archivePrefix = {arXiv},
    author = {Archambault, S. and Behnke, E. and Bhattacharjee, P. and Bhattacharya, S. and Dai, X. and Das, M. and Davour, A. and Debris, F. and Dhungana, N. and Farine, J. and Gagnebin, S. and Giroux, G. and Grace, E. and Jackson, C. M. and Kamaha, A. and Krauss, C. and Kumaratunga, S. and Lafreni\`{e}re, M. and Laurin, M. and Lawson, I. and Lessard, L. and Levine, I. and Levy, C. and MacDonald, R. P. and Marlisov, D. and Martin, J. P. and Mitra, P. and Noble, A. J. and Piro, M. C. and Podviyanuk, R. and Pospisil, S. and Saha, S. and Scallon, O. and Seth, S. and Starinski, N. and Stekl, I. and Wichoski, U. and Xie, T. and Zacek, V.},
    collaboration = {{PICASSO} Collaboration},
    day = {28},
    doi = {10.1016/j.physletb.2012.03.078},
    eprint = {1202.1240},
    issn = {03702693},
    journal = {Phys. Lett. B},
    month = mar,
    number = {2},
    pages = {153--161},
    title = {Constraints on {Low-Mass} {WIMP} Interactions on {19F} from {PICASSO}},
    volume = {711},
    year = {2012}
}

@article{Felizardo:2012,
    archivePrefix = {arXiv},
    author = {Felizardo, M. and Girard, T. A. and Morlat, T. and Fernandes, A. C. and Ramos, A. R. and Marques, J. G. and Kling, A. and Puibasset, J. and Auguste, M. and Boyer, D. and Cavaillou, A. and Poupeney, J. and Sudre, C. and Miley, H. S. and Payne, R. F. and Carvalho, F. P. and Prud\^{e}ncio, M. I. and Gouveia, A. and Marques, R. and {The SIMPLE Collaboration}},
    day = {9},
    doi = {10.1103/PhysRevLett.108.201302},
    eprint = {1106.3014},
    issn = {1079-7114},
    journal = {Phys. Rev. Lett.},
    month = may,
    number = {20},
    collaboration = {{SIMPLE} Collaboration},
    title = {Final Analysis and Results of the Phase {II} {SIMPLE} Dark Matter Search},
    volume = {108},
    year = {2012}
}

@article{Behnke:2011,
    author = {Behnke, E. and Behnke, J. and Brice, S. J. and Broemmelsiek, D. and Collar, J. I. and Cooper, P. S. and Crisler, M. and Dahl, C. E. and Fustin, D. and Hall, J. and Hinnefeld, J. H. and Hu, M. and Levine, I. and Ramberg, E. and Shepherd, T. and Sonnenschein, A. and Szydagis, M.},
    doi = {10.1103/PhysRevLett.106.021303},
    journal = {Phys. Rev. Lett.},
    keywords = {darkmatter, detection, direct},
    month = jan,
    pages = {021303+},
    publisher = {American Physical Society},
    title = {Improved Limits on Spin-Dependent WIMP-Proton Interactions from a Two Liter ${\mathrm{CF}}\_{3}\mathrm{I}$ Bubble Chamber},
    volume = {106},
    year = {2011}
}


@misc{Munster:2014,
    archivePrefix = {arXiv},
    author = {M\"{u}nster, A. and Sivers and Angloher, G. and Bento, A. and Bucci, C. and Canonica, L. and Erb, A. and Feilitzsch and Gorla, P. and G\"{u}tlein, A. and Hauff, D. and Jochum, J. and Kraus, H. and Lanfranchi, J. C. and Laubenstein, M. and Loebell, J. and Ortigoza, Y. and Petricca, F. and Potzel, W. and Pr\"{o}bst, F. and Puimedon, J. and Reindl, F. and Roth, S. and Rottler, K. and Sailer, C. and Sch\"{a}ffner, K. and Schieck, J. and Scholl, S. and Sch\"{o}nert, S. and Seidel, W. and Stodolsky, L. and Strandhagen, C. and Strauss, R. and Tanzke, A. and Uffinger, M. and Ulrich, A. and Usherov, I. and Wawoczny, S. and Willers, M. and W\"{u}strich, M. and Z\"{o}ller, A.},
    day = {20},
    eprint = {1403.5114},
    month = mar,
    title = {Radiopurity of {CaWO}\$\_4\$ Crystals for Direct Dark Matter Search with {CRESST} and {EURECA}},
    year = {2014}
}

@article{Akerib:2014,
    archivePrefix = {arXiv},
    author = {Akerib, D. S. and Araujo, H. M. and Bai, X. and Bailey, A. J. and Balajthy, J. and Bedikian, S. and Bernard, E. and Bernstein, A. and Bolozdynya, A. and Bradley, A. and Byram, D. and Cahn, S. B. and Carmona-Benitez, M. C. and Chan, C. and Chapman, J. J. and Chiller, A. A. and Chiller, C. and Clark, K. and Coffey, T. and Currie, A. and Curioni, A. and Dazeley, S. and de Viveiros, L. and Dobi, A. and Dobson, J. and Dragowsky, E. M. and Druszkiewicz, E. and Edwards, B. and Faham, C. H. and Fiorucci, S. and Flores, C. and Gaitskell, R. J. and Gehman, V. M. and Ghag, C. and Gibson, K. R. and Gilchriese, M. G. D. and Hall, C. and Hanhardt, M. and Hertel, S. A. and Horn, M. and Huang, D. Q. and Ihm, M. and Jacobsen, R. G. and Kastens, L. and Kazkaz, K. and Knoche, R. and Kyre, S. and Lander, R. and Larsen, N. A. and Lee, C. and Leonard, D. S. and Lesko, K. T. and Lindote, A. and Lopes, M. I. and Lyashenko, A. and Malling, D. C. and Mannino, R. and McKinsey, D. N. and Mei, D. M. and Mock, J. and Moongweluwan, M. and Morad, J. and Morii, M. and St and Nehrkorn, C. and Nelson, H. and Neves, F. and Nikkel, J. A. and Ott, R. A. and Pangilinan, M. and Parker, P. D. and Pease, E. K. and Pech, K. and Phelps, P. and Reichhart, L. and Shutt, T. and Silva, C. and Skulski, W. and Sofka, C. J. and Solovov, V. N. and Sorensen, P. and Stiegler, T. and O`Sullivan, K. and Sumner, T. J. and Svoboda, R. and Sweany, M. and Szydagis, M. and Taylor, D. and Tennyson, B. and Tiedt, D. R. and Tripathi, M. and Uvarov, S. and Verbus, J. R. and Walsh, N. and Webb, R. and White, J. T. and White, D. and Witherell, M. S. and Wlasenko, M. and Wolfs, F. L. H. and Woods, M. and Zhang, C.},
    day = {5},
    doi = {10.1103/physrevlett.112.091303},
    eprint = {1310.8214},
    issn = {0031-9007},
    journal = {Phys. Rev. Lett.},
    collaboration = {{LUX} Collaboration},
    month = feb,
    number = {9},
    title = {First results from the {LUX} dark matter experiment at the Sanford Underground Research Facility},
    volume = {112},
    year = {2014}
}

@article{Kuzniak:2012,
    archivePrefix = {arXiv},
    author = {Ku\'{z}niak, M. and Boulay, M. and Pollmann, T.},
    day = {16},
    doi = {10.1016/j.astropartphys.2012.05.005},
    eprint = {1203.1576},
    issn = {0927-6505},
    journal = {J. Astropart. Phys.},
    month = aug,
    number = {1},
    pages = {77--82},
    title = {Surface roughness interpretation of 730kgdays {CRESST}-{II} results},
    volume = {36},
    year = {2012}
}

@article{Galbiati:2008,
    archivePrefix = {arXiv},
    author = {Galbiati, C. and Acosta-Kane, D. and Acciarri, R. and Amaize, O. and Antonello, M. and Baibussinov, B. and Ceolin, M. B. and Ballentine, C. J. and Bansal, R. and Basgall, L. and Bazarko, A. and Benetti, P. and Benziger, J. and Burgers, A. and Calaprice, F. and Calligarich, E. and Cambiaghi, M. and Canci, N. and Carbonara, F. and Cassidy, M. and Cavanna, F. and Centro, S. and Chavarria, A. and Cheng, D. and Cocco, A. G. and Collon, P. and Dalnoki-Veress, F. and Haas, E. de and Pompeo, F. Di and Fiorillo, G. and Fitch, F. and Gallo, V. and Gaull, M. and Gazzana, S. and Grandi, L. and Goretti, A. and Highfill, R. and Highfill, T. and Hohman, T. and Ianni, A. and Ianni, A. and LaCava, A. and Laubenstein, M. and Lee, H. Y. and Leung, M. and Loer, B. and Loosli, H. H. and Lyons, B. and Marks, D. and McCarty, K. and Meng, G. and Montanari, C. and Mukhopadhyay, S. and Nelson, A. and Palamara, O. and Pandola, L. and Pietropaolo, F. and Pivonka, T. and Pocar, A. and Purtschert, R. and Rappoldi, A. and Raselli, G. and Resnati, F. and Robertson, D. and Roncadelli, M. and Rossella, M. and Rubbia, C. and Ruderman, J. and Saldanha, R. and Schmitt, C. and Scott, R. and Segreto, E. and Shirley, A. and Szelc, A. M. and Tartaglia, R. and Tesileanu, T. and Ventura, S. and Vignoli, C. and Visnjic, C. and Vondrasek, R. and Yushkov, A.},
    day = {1},
    doi = {10.1088/1742-6596/120/4/042015},
    eprint = {0712.0381},
    issn = {1742-6596},
    journal = {J. Phys.: Conf. Ser.},
    month = jul,
    number = {4},
    pages = {042015+},
    publisher = {Institute of Physics Publishing},
    title = {Discovery of underground argon with a low level of radioactive 39 Ar and possible applications to {WIMP} dark matter detectors},
    volume = {120},
    year = {2008}
}

@article{Aprile:2013a,
    archivePrefix = {arXiv},
    author = {Aprile, Elena and Yoon, Taehyun and Loose, Andre and Goetzke, Luke W. and Zelevinsky, Tanya},
    day = {27},
    doi = {10.1063/1.4821879},
    eprint = {1305.6510},
    issn = {00346748},
    journal = {Rev. Sci. Instrum.},
    month = sep,
    number = {9},
    pages = {093105+},
    title = {An atom trap trace analysis system for measuring krypton contamination in xenon dark matter detectors},
    volume = {84},
    year = {2013}
}

@article{Aprile:2013b,
    archivePrefix = {arXiv},
    author = {Aprile, E. and Alfonsi, M. and Arisaka, K. and Arneodo, F. and Balan, C. and Baudis, L. and Bauermeister, B. and Behrens, A. and Beltrame, P. and Bokeloh, K. and Brown, A. and Brown, E. and Bruno, G. and Budnik, R. and Cardoso, J. M. R. and Chen, W-T and Choi, B. and Colijn, A. P. and Contreras, H. and Cussonneau, J. P. and Decowski, M. P. and Duchovni, E. and Fattori, S. and Ferella, A. D. and Fulgione, W. and Gao, F. and Garbini, M. and Ghag, C. and Giboni, K-L and Goetzke, L. W. and Grignon, C. and Gross, E. and Hampel, W. and Kaether, F. and Kish, A. and Lamblin, J. and Landsman, H. and Lang, R. F. and Le Calloch, M. and Levy, C. and Lim, K. E. and Lin, Q. and Lindemann, S. and Lindner, M. and Lopes, J. A. M. and Lung, K. and Undagoitia, T. Marrod\'{a}n and Massoli, F. V. and Fernandez, A. J. Melgarejo and Meng, Y. and Messina, M. and Molinario, A. and Ni, K. and Oberlack, U. and Orrigo, S. E. A. and Pantic, E. and Persiani, R. and Plante, G. and Priel, N. and Rizzo, A. and Rosendahl, S. and Santos, J. M. F. dos and Sartorelli, G. and Schreiner, J. and Schumann, M. and Lavina, L. Scotto and Scovell, P. R. and Selvi, M. and Shagin, P. and Simgen, H. and Teymourian, A. and Thers, D. and Tziaferi, E. and Vitells, O. and Wang, H. and Weber, M. and Weinheimer, C.},
    day = {1},
    doi = {10.1088/0954-3899/40/11/115201},
    eprint = {1306.2303},
    issn = {1361-6471},
    journal = {J. Phys. G},
    month = nov,
    number = {11},
    pages = {115201+},
    title = {The neutron background of the {XENON100} dark matter search experiment},
    volume = {40},
    year = {2013}
}

@inbook{Aprile:2012a,
    address = {Dordrecht},
    archivePrefix = {arXiv},
    author = {Aprile, Elena},
    booktitle = {Sources and Detection of Dark Matter and Dark Energy in the Universe},
    chapter = {14},
    day = {27},
    doi = {10.1007/978-94-007-7241-0\_14},
    editor = {Cline, David},
    eprint = {1206.6288},
    isbn = {978-94-007-7240-3},
    issn = {1867-4941},
    month = jun,
    pages = {93--96},
    publisher = {Springer Netherlands},
    title = {The {Xenon1T} Dark Matter Search Experiment},
    volume = {148},
    year = {2012}
}

@article{Aprile:2012b,
    archivePrefix = {arXiv},
    author = {Aprile, E. and Alfonsi, M. and Arisaka, K. and Arneodo, F. and Balan, C. and Baudis, L. and Bauermeister, B. and Behrens, A. and Beltrame, P. and Bokeloh, K. and Brown, E. and Bruno, G. and Budnik, R. and Cardoso, J. M. R. and Chen, W. and Choi, B. and Cline, D. and Colijn, A. P. and Contreras, H. and Cussonneau, J. P. and Decowski, M. P. and Duchovni, E. and Fattori, S. and Ferella, A. D. and Fulgione, W. and Gao, F. and Garbini, M. and Ghag, C. and Giboni, K. and Goetzke, L. W. and Grignon, C. and Gross, E. and Hampel, W. and Kaether, F. and Kish, A. and Lamblin, J. and Landsman, H. and Lang, R. F. and Le Calloch, M. and Levy, C. and Lim, K. E. and Lin, Q. and Lindemann, S. and Lindner, M. and Lopes, J. A. M. and Lung, K. and Marrod\'{a}n Undagoitia, T. and Massoli, F. V. and Melgarejo Fernandez, A. J. and Meng, Y. and Molinario, A. and Nativ, E. and Ni, K. and Oberlack, U. and Orrigo, S. E. A. and Pantic, E. and Persiani, R. and Plante, G. and Priel, N. and Rizzo, A. and Rosendahl, S. and dos Santos, J. M. F. and Sartorelli, G. and Schreiner, J. and Schumann, M. and Scotto Lavina, L. and Scovell, P. R. and Selvi, M. and Shagin, P. and Simgen, H. and Teymourian, A. and Thers, D. and Vitells, O. and Wang, H. and Weber, M. and Weinheimer, C. },
    collaboration = {{XENON Collaboration}},
    day = {20},
    doi = {10.1103/PhysRevLett.109.181301},
    eprint = {1207.5988},
    issn = {1079-7114},
    journal = {Phys. Rev. Lett.},
    month = nov,
    number = {18},
    pages = {181301},
    organization = {XENON100 Collaboration},
    title = {Dark Matter Results from 225 Live Days of {XENON100} Data},
    volume = {109},
    year = {2013}
}

@article{Scholl:2012,
    author = {Scholl, S. and Jochum, J.},
    day = {30},
    doi = {10.1088/1742-6596/375/1/012020},
    issn = {1742-6596},
    journal = {J. Phys.: Conf. Ser.},
    month = jul,
    number = {1},
    pages = {012020+},
    title = {Neutron background simulation for the {CRESST}â€“{II} experiment},
    volume = {375},
    year = {2012}
}

@misc{Agnese:2014,
    archivePrefix = {arXiv},
    author = {Agnese, R. and Anderson, A. J. and Asai, M. and Balakishiyeva, D. and Thakur, R. Basu and Bauer, D. A. and Beaty, J. and Billard, J. and Borgland, A. and Bowles, M. A. and Brandt, D. and Brink, P. L. and Bunker, R. and Cabrera, B. and Caldwell, D. O. and Cerdeno, D. G. and Chagani, H. and Chen, Y. and Cherry, M. and Cooley, J. and Cornell, B. and Crewdson, C. H. and Cushman, P. and Daal, M. and DeVaney, D. and Di Stefano, P. C. F. and Do Couto and Doughty, T. and Esteban, L. and Fallows, S. and Figueroa-Feliciano, E. and Godfrey, G. L. and Golwala, S. R. and Hall, J. and Hansen, S. and Harris, H. R. and Hertel, S. A. and Hines, B. A. and Hofer, T. and Holmgren, D. and Hsu, L. and Huber, M. E. and Jastram, A. and Kamaev, O. and Kara, B. and Kelsey, M. H. and Kenany, S. and Kennedy, A. and Kiveni, M. and Koch, K. and Leder, A. and Loer, B. and Asamar, E. Lopez and Mahapatra, R. and Mandic, V. and Martinez, C. and McCarthy, K. A. and Mirabolfathi, N. and Moffatt, R. A. and Nelson, R. H. and Novak, L. and Page, K. and Partridge, R. and Pepin, M. and Phipps, A. and Platt, M. and Prasad, K. and Pyle, M. and Qiu, H. and Rau, W. and Redl, P. and Reisetter, A. and Resch, R. W. and Ricci, Y. and Ruschman, M. and Saab, T. and Sadoulet, B. and Sander, J. and Schmitt, R. L. and Schneck, K. and Schnee, R. W. and Scorza, S. and Seitz, D. N. and Serfass, B. and Shank, B. and Speller, D. and Tomada, A. and Upadhyayula, S. and Villano, A. N. and Welliver, B. and Wright, D. H. and Yellin, S. and Yen, J. J. and Young, B. A. and Zhang, J.},
    day = {12},
    eprint = {1402.7137},
    month = mar,
    title = {Search for {Low-Mass} {WIMPs} with {SuperCDMS}},
    year = {2014}
}

@article{Boulay:2008,
    author = {Boulay, Mark and Cai, Bei},
    day = {1},
    doi = {10.1088/1742-6596/136/4/042081},
    issn = {1742-6596},
    journal = {Journal of Physics: Conference Series},
    collaboration = {{DEAP}/{CLEAN} Collaboration},
    month = nov,
    number = {4},
    pages = {042081+},
    publisher = {IOP Publishing},
    title = {Dark matter search at {SNOLAB} with {DEAP}-1 and {DEAP}/{CLEAN}-3600},
    volume = {136},
    year = {2008}
}

@article{Marchionni:2011,
    archivePrefix = {arXiv},
    author = {Marchionni, A. and Amsler, C. and Badertscher, A. and Boccone, V. and Bueno, A. and Carmona-Benitez, M. C. and Coleman, J. and Creus, W. and Curioni, A. and Daniel, M. and Dawe, E. J. and Degunda, U. and Gendotti, A. and Epprecht, L. and Horikawa, S. and Kaufmann, L. and Knecht, L. and Laffranchi, M. and Lazzaro, C. and Lightfoot, P. K. and Lussi, D. and Lozano, J. and Mavrokoridis, K. and Melgarejo, A. and Mijakowski, P. and Natterer, G. and Navas-Concha, S. and Otyugova, P. and Prado, M. de and Przewlocki, P. and Regenfus, C. and Resnati, F. and Robinson, M. and Rochet, J. and Romero, L. and Rondio, E. and Rubbia, A. and Scotto-Lavina, L. and Spooner, N. J. C. and Strauss, T. and Touramanis, C. and Ulbricht, J. and Viant, T.},
    day = {25},
    doi = {10.1088/1742-6596/308/1/012006},
    eprint = {1012.5967},
    issn = {1742-6596},
    journal = {J. Phys.: Conf. Ser.},
    month = jul,
    pages = {012006+},
    title = {{ArDM}: a ton-scale {LAr} detector for direct Dark Matter searches},
    volume = {308},
    year = {2011}
}

@article{Badertscher:2013,
    author = {Badertscher, A. and Bay, F. and Bourgeois, N. and Cantini, C. and Curioni, A. and Daniel, M. and Degunda, U. and Di Luise, S. and Epprecht, L. and Gendotti, A. and Horikawa, S. and Knecht, L. and Lussi, D. and Maire, G. and Montes, B. and Murphy, S. and Natterer, G. and Nikolics, K. and Nguyen, K. and Periale, L. and Ravat, S. and Resnati, F. and Romero, L. and Rubbia, A. and Santorelli, R. and Sergiampietri, F. and Sgalaberna, D. and Viant, T. and Wu, S.},
    day = {01},
    doi = {10.1088/1748-0221/8/09/c09005},
    issn = {1748-0221},
    journal = {J. Instrum.},
    month = sep,
    number = {09},
    pages = {C09005+},
    title = {{ArDM}: first results from underground commissioning},
    volume = {8},
    year = {2013}
}

@article{Kim:2010,
    author = {Kim, S. K. and Kim, H. J. and Kim, Y. D.},
    day = {01},
    doi = {10.1088/1367-2630/12/7/075003},
    issn = {1367-2630},
    journal = {New J. Phys.},
    month = jul,
    number = {7},
    pages = {075003+},
    title = {Scintillator-based detectors for dark matter searches I},
    volume = {12},
    year = {2010}
}

@article{Ahmed:2003,
    archivePrefix = {arXiv},
    author = {Ahmed, B. and Alner, G. J. and Araujo, H. and Barton, J. C. and Bewick, A. and Carson, M. J. and Davidge, D. and Dawson, J. V. and Gamble, T. and Hart, S. P. and Hollingworth, R. and Howard, A. S. and Jones, W. G. and Joshi, M. K. and Kudryavtsev, V. A. and Lawson, T. B. and Lebedenko, V. and Lehner, M. J. and Lewin, J. D. and Lightfoot, P. K. and Liubarsky, I. and Luscher, R. and McMillan, J. E. and Morgan, B. and Nicklin, G. and Paling, S. M. and Preece, R. M. and Quenby, J. J. and Roberts, J. W. and Robinson, M. and Smith, N. J. T. and Smith, P. F. and Spooner, N. J. C. and Sumner, T. J. and Tovey, D. R.},
    day = {31},
    doi = {10.1016/s0927-6505(03)00115-4},
    eprint = {hep-ex/0301039},
    issn = {09276505},
    journal = {J. Astropart. Phys.},
    month = jan,
    number = {6},
    pages = {691--702},
    title = {The {NAIAD} experiment for {WIMP} searches at Boulby mine and recent results},
    volume = {19},
    year = {2003}
}

@article{Baudis:2012,
    archivePrefix = {arXiv},
    author = {Baudis, Laura},
    collaboration = {{DARWIN} consortium},
    day = {30},
    doi = {10.1088/1742-6596/375/1/012028},
    eprint = {1201.2402},
    issn = {1742-6596},
    journal = {J. Phys.: Conf. Ser.},
    month = jul,
    number = {1},
    organization = {the DARWIN consortium},
    pages = {012028+},
    title = {{DARWIN} dark matter {WIMP} search with noble liquids},
    volume = {375},
    year = {2012}
}

@article{Aprile:2013c,
    archivePrefix = {arXiv},
    author = {Aprile, E. and Alfonsi, M. and Arisaka, K. and Arneodo, F. and Balan, C. and Baudis, L. and Bauermeister, B. and Behrens, A. and Beltrame, P. and Bokeloh, K. and Brown, A. and Brown, E. and Bruno, G. and Budnik, R. and Cardoso, J. M. R. and Chen, W. T. and Choi, B. and Colijn, A. P. and Contreras, H. and Cussonneau, J. P. and Decowski, M. P. and Duchovni, E. and Fattori, S. and Ferella, A. D. and Fulgione, W. and Gao, F. and Garbini, M. and Ghag, C. and Giboni, K. L. and Goetzke, L. W. and Grignon, C. and Gross, E. and Hampel, W. and Kaether, F. and Kish, A. and Lamblin, J. and Landsman, H. and Lang, R. F. and Le Calloch, M. and Lellouch, D. and Levy, C. and Lim, K. E. and Lin, Q. and Lindemann, S. and Lindner, M. and Lopes, J. A. M. and Lung, K. and Undagoitia, T. Marrodan and Massoli, F. V. and Fernandez, A. J. Melgarejo and Meng, Y. and Messina, M. and Molinario, A. and Ni, K. and Oberlack, U. and Orrigo, S. E. A. and Pantic, E. and Persiani, R. and Plante, G. and Priel, N. and Rizzo, A. and Rosendahl, S. and Santos, J. M. F. Dos and Sartorelli, G. and Schreiner, J. and Schumann, M. and Lavina, L. Scotto and Scovell, P. R. and Selvi, M. and Shagin, P. and Simgen, H. and Teymourian, A. and Thers, D. and Vitells, O. and Wang, H. and Weber, M. and Weinheimer, C.},
    collaboration = {{XENON} Collaboration},
    day = {29},
    doi = {10.1103/physrevlett.111.021301},
    eprint = {1301.6620},
    issn = {0031-9007},
    journal = {Phys. Rev. Lett.},
    month = jan,
    number = {2},
    title = {Limits on spin-dependent {WIMP}-nucleon cross sections from 225 live days of {XENON100} data},
    volume = {111},
    year = {2013}
}

@article{Roth:2009,
    archivePrefix = {arXiv},
    author = {Roth, S. and Ciemniak, C. and Coppi, C. and Feilitzsch, F. and G\"{u}tlein, A. and Isaila, C. and Lanfranchi, J. and Pfister, S. and Potzel, W. and Westphal, W.},
    day = {2},
    doi = {10.1016/j.optmat.2008.09.013},
    eprint = {0810.0423},
    issn = {0925-3467},
    journal = {J. Opt. Mater.},
    month = aug,
    number = {10},
    pages = {1415--1420},
    title = {Cryogenic composite detectors for the dark matter experiments {CRESST} and {EURECA}},
    volume = {31},
    year = {2009}
}



@article{Kraus:2007,
    author = {Kraus, H. and Bauer, M. and Bavykina, I. and Benoit, A. and Bl\"{u}mer, J. and Broniatowski, A. and Brudanin, V. and Burghart, G. and Camus, P. and Chantelauze, A. and Chapellier, M. and Chardin, G. and Christ, P. and Ciemniak, C. and Coppi, C. and De J\'{e}sus, M. and De Lesquen, A. and Deschamps, H. and Di Stefano, P. and Dumoulin, L. and Eitel, K. and von Feilitzsch, F. and Fesquet, M. and Gascon, J. and Gerbier, G. and Goldbach, C. and Gros, M. and Hauff, D. and Henry, S. and Horn, M. and Imber, J. and Isaila, C. and Jochum, J. and Juillard, A. and Kimmerle, M. and Lanfranchi, J. C. and Lemrani, R. and Lubashevsky, A. and Luca, M. and Malek, M. and Marnieros, S. and McGowan, R. and Mikhailik, V. and Navick, X. F. and Niinikoski, T. and Nollez, G. and Pantic, E. and Pari, P. and Perevoshchikov, L. and Petricca, F. and Pfister, S. and Potzel, W. and Pr\"{o}bst, F. and Rau, W. and Ritter, F. and Rottler, K. and Sanglard, V. and Scholl, S. and Schwamm, F. and Seidel, W. and Smolnikov, A. and Stern, M. and Teshima, M. and Tolhurst, B. and Westphal, W. and Wikus, P. and Wolf, J. and Yakushev, E.},
    doi = {10.1016/j.nuclphysbps.2007.08.043},
    issn = {09205632},
    journal = {Nucl. Phys. B: Proc. Suppl.},
    month = nov,
    pages = {168--171},
    title = {{EURECA} â€” the European Future of Dark Matter Searches with Cryogenic Detectors},
    volume = {173},
    year = {2007}
}

@article{Daw:2012,
    archivePrefix = {arXiv},
    author = {Daw, E. and Dorofeev, A. and Fox, J. and Gauvreau, J. and Ghag, C. and Harmon, L. and Harton, J. and Gold, M. and Lee, E. and Loomba, D. and Miller, E. and Murphy, A. and Paling, S. and Landers, J. and Phan, N. and Pipe, M. and Pushkin, K. and Robinson, M. and Sadler, S. and Snowden-Ifft, D. and Spooner, N. and Walker, D. and Warner, D.},
    day = {15},
    doi = {10.1051/eas/1253002},
    eprint = {1110.0222},
    issn = {1638-1963},
    journal = {EAS Publ. Ser.},
    month = feb,
    pages = {11--18},
    title = {The {DRIFT} Directional Dark Matter Experiments},
    volume = {53},
    year = {2012}
}

@article{Daw:2011,
    archivePrefix = {arXiv},
    author = {Daw, E. and Fox, J. and Gauvreau, J. and Ghag, C. and Harmon, L. and Gold, M. and Lee, E. and Loomba, D. and Miller, E. and Murphy, A. and Paling, S. and Landers, J. and Pipe, M. and Pushkin, K. and Robinson, M. and Snowden-Ifft, D. and Spooner, N. and Walker, D.},
    day = {16},
    doi = {10.1016/j.astropartphys.2011.11.003},
    eprint = {1010.3027},
    issn = {0927-6505},
    journal = {Astropart. Phys.},
    month = feb,
    number = {7},
    pages = {397--401},
    title = {Spin-dependent limits from the {DRIFT}-{IId} directional dark matter detector},
    volume = {35},
    year = {2012}
}

@article{Miuchi:2010,
    archivePrefix = {arXiv},
    author = {Miuchi, Kentaro and Nishimura, Hironobu and Hattori, Kaori and Higashi, Naoki and Ida, Chihiro and Iwaki, Satoshi and Kabuki, Shigeto and Kubo, Hidetoshi and Kurosawa, Shunsuke and Nakamura, Kiseki and Parker, Joseph and Sawano, Tatsuya and Takahashi, Michiaki and Tanimori, Toru and Taniue, Kojiro and Ueno, Kazuki and Sekiya, Hiroyuki and Takeda, Atsushi and Tsuchiya, Ken'ichi and Takada, Atsushi},
    day = {9},
    doi = {10.1016/j.physletb.2010.02.028},
    eprint = {1002.1794},
    issn = {0370-2693},
    journal = {Phys. Lett. B},
    month = mar,
    number = {1},
    pages = {11--17},
    title = {First underground results with {NEWAGE}-0.3a direction-sensitive dark matter detector},
    volume = {686},
    year = {2010}
}

@article{Miuchi:2012,
    archivePrefix = {arXiv},
    author = {Miuchi, K. and Nakamura, K. and Takada, A. and Iwaki, S. and Kubo, H. and Mizumoto, T. and Nishimura, H. and Parker, J. and Sawano, T. and Tanimori, T. and Sekiya, H. and Takeda, A. and Fusayasu, T. and Sugiyama, A. and Tanaka, M.},
    day = {15},
    doi = {10.1051/eas/1253005},
    eprint = {1109.3099},
    issn = {1638-1963},
    journal = {EAS Publ. Ser.},
    month = feb,
    pages = {33--41},
    title = {NEWAGE},
    volume = {53},
    year = {2012}
}

@article{Santos:2013,
    archivePrefix = {arXiv},
    author = {Santos, D. and Bosson, G. and Bouly, J. L. and Bourrion, O. and Fourel, Ch and Guillaudin, O. and Lamblin, J. and Mayet, F. and Muraz, J. F. and Richer, J. P. and Riffard, Q. and Lebreton, L. and Maire, D. and Busto, J. and Brunner, J. and Fouchez, D.},
    day = {20},
    doi = {10.1088/1742-6596/469/1/012002},
    eprint = {1311.0616},
    issn = {1742-6596},
    journal = {J. Phys.: Conf. Ser.},
    month = dec,
    pages = {012002+},
    title = {{MIMAC}: {MIcro}-tpc {MAtrix} of Chambers for dark matter directional detection},
    volume = {469},
    year = {2013}
}

@misc{Riffard:2013,
    archivePrefix = {arXiv},
    author = {Riffard, Q. and Billard, J. and Bosson, G. and Bourrion, O. and Guillaudin, O. and Lamblin, J. and Mayet, F. and Muraz, J. F. and Richer, J. P. and Santos, D. and Lebreton, L. and Maire, D. and Busto, J. and Brunner, J. and Fouchez, D.},
    day = {18},
    eprint = {1306.4173},
    month = jun,
    title = {Dark Matter directional detection with {MIMAC}},
    year = {2013}
}

@article{Battat:2013,
    author = {Battat, James B. R.},
    collaboration = {{DMTPC Collaboration}},
    day = {20},
    doi = {10.1088/1742-6596/469/1/012001},
    issn = {1742-6596},
    journal = {J. Phys.: Conf. Ser.},
    month = dec,
    number = {1},
    organization = {the DMTPC Collaboration},
    pages = {012001+},
    title = {Updates from the Dark Matter Time Projection Chamber Group ({DMTPC})},
    volume = {469},
    year = {2013}
}

@article{Monroe:2012,
    author = {Monroe, J.},
    collaboration = {{DMTPC Collaboration}},
    day = {15},
    doi = {10.1051/eas/1253003},
    issn = {1638-1963},
    journal = {EAS Publ. Ser.},
    month = feb,
    organization = {for the DMTPC Collaboration},
    pages = {19--24},
    title = {Status and Prospects of the {DMTPC} Directional Dark Matter Experiment},
    volume = {53},
    year = {2012}
}

@article{Vahsen:2012,
    author = {Vahsen, S. and Feng, H. and Garcia-Sciveres, M. and Jaegle, I. and Kadyk, J. and Nguyen, Y. and Rosen, M. and Ross, S. and Thorpe, T. and Yamaoka, J.},
    day = {15},
    doi = {10.1051/eas/1253006},
    issn = {1638-1963},
    journal = {EAS Publ. Ser.},
    month = feb,
    pages = {43--50},
    title = {The Directional Dark Matter Detector (D3)},
    volume = {53},
    year = {2012}
}

@article{Naka:2012,
    archivePrefix = {arXiv},
    author = {Naka, T. and Kimura, M. and Nakamura, M. and Sato, O. and Nakano, T. and Asada, T. and Tawara, Y. and Suzuki, Y.},
    day = {15},
    doi = {10.1051/eas/1253007},
    issn = {1633-4760},
    journal = {EAS Publ. Ser.},
    month = feb,
    pages = {51--58},
    eprint = {1109.4485},
    title = {{R\&D} Status of Nuclear Emulsion for Directional Dark Matter Search},
    volume = {53},
    year = {2012}
}

@article{Benetti:2007,
    archivePrefix = {arXiv},
    author = {{P. Benetti \textit{et al.}}},
    day = {16},
    doi = {10.1016/j.astropartphys.2007.08.002},
    eprint = {astro-ph/0701286},
    issn = {09276505},
    journal = {J. Astropart. Phys.},
    month = jan,
    number = {6},
    pages = {495--507},
    title = {{First results from a Dark Matter search with liquid Argon at 87 K in the Gran Sasso Underground Laboratory}},
    volume = {28},
    year = {2007}
}

@phdthesis{Grandi:2005,
    author = {Grandi, L.},
    institution = {University of Pavia},
    keywords = {experiment, warp},
    month = jun,
    posted-at = {2013-08-06 15:02:34},
    priority = {2},
    school = {Department of Nuclear and Theoretical Physics, University of Pavia},
    title = {{WARP: an argon double phase technique for Dark Matter search}},
    year = {2005}
}

@misc{Bauer:2013b,
    author = {Bauer, Dan},
    citeulike-article-id = {12547832},
    howpublished = "\url{https://indico.fnal.gov/getFile.py/access?sessionId=1\&resId=0\&materialId=0\&confId=6584}",
    keywords = {experiment, supercdms},
    month = mar,
    posted-at = {2013-08-08 16:16:50},
    priority = {2},
    title = {{SuperCDMS SNOLAB}},
    year = {2013}
}

@misc{Bauer:2013a,
    author = {Bauer, Dan},
    howpublished = "\url{www.fnal.gov/directorate/program\_planning/all\_experimenters\_meetings/special\_reports/Bauer\_supercdms\_status\_02\_04\_13.pdf}",
    citeulike-article-id = {12480097},
    keywords = {experiment, supercdms},
    month = feb,
    posted-at = {2013-07-15 15:33:21},
    priority = {2},
    title = {{SuperCDMS update}},
    year = {2013}
}

@misc{Malling:2011,
    archivePrefix = {arXiv},
    author = {Malling, D. C. and Akerib, D. S. and Araujo, H. M. and Bai, X. and Bedikian, S. and Bernard, E. and Bernstein, A. and Bradley, A. and Cahn, S. B. and Carmona-Benitez, M. C. and Carr, D. and Chapman, J. J. and Clark, K. and Classen, T. and Coffey, T. and Curioni, A. and Currie, A. and Dazeley, S. and de Viveiros, L. and Dragowsky, M. and Druszkiewicz, E. and Faham, C. H. and Fiorucci, S. and Gaitskell, R. J. and Gibson, K. R. and Hall, C. and Hanhardt, M. and Holbrook, B. and Ihm, M. and Jacobsen, R. G. and Kastens, L. and Kazkaz, K. and Lander, R. and Larsen, N. and Lee, C. and Leonard, D. and Lesko, K. and Lindote, A. and Lopes, M. I. and Lyashenko, A. and Majewski, P. and Mannino, R. and McKinsey, D. N. and Mei, D. M. and Mock, J. and Morii, M. and St and Nelson, H. and Neves, F. and Nikkel, J. A. and Pangilinan, M. and Phelps, P. and Reichhart, L. and Shutt, T. and Silva, C. and Skulski, W. and Solovov, V. and Sorensen, P. and Spaans, J. and Stiegler, T. and Sumner, T. J. and Svoboda, R. and Sweany, M. and Szydagis, M. and Thomson, J. and Tripathi, M. and Verbus, J. R. and Walsh, N. and Webb, R. and White, J. T. and Wlasenko, M. and Wolfs, F. L. H. and Woods, M. and Zhang, C.},
    day = {13},
    eprint = {1110.0103},
    month = oct,
    posted-at = {2014-05-24 16:29:26},
    priority = {2},
    title = {After {LUX}: The {LZ} Program},
    year = {2011}
}
