
@article{PlanckI:2013,
    archivePrefix = {arXiv},
    author = {Ade, P. A. R. and others},
    collaboration = {{Planck Collaboration}},
    day = {20},
    eprint = {1303.5062},
    month = mar,
    posted-at = {2014-04-09 14:09:25},
    priority = {2},
    title = {Planck 2013 results. I. Overview of products and scientific results},
    year = {2013}
}

@article{PlanckXVI:2013,
    archivePrefix = {arXiv},
    author = {Ade, P. A. R. and others},
    collaboration = {{Planck Collaboration}},
    day = {26},
    doi = {10.1051/0004-6361/201321591},
    eprint = {1303.5076},
    issn = {1432-0746},
    journal = {Astron. Astrophys.},
    title = {Planck 2013 results. {XVI}. Cosmological parameters},
    year = {2014}
}
